% This file was created with JabRef 2.7.1.
% Encoding: Cp1252

@MISC{loadb1,
  author = {{Gregor Roth}},
  title = {{Server load balancing architectures, Part 1: Transport-level load balancing}},
  howpublished = {\url{http://www.javaworld.com/article/2077921/architecture-scalability/server-load-balancing-architectures--part-1--transport-level-load-balancing.html}},
  year = {2008},
  note = {[Online; accessed 31-Mai-2015]}
}

@MISC{loadb2,
  author = {{Gregor Roth}},
  title = {{Server load balancing architectures, Part 2: Application-level load balancing}},
  howpublished = {\url{http://www.javaworld.com/article/2077922/architecture-scalability/server-load-balancing-architectures-part-2-application-level-load-balanci.html}},
  year = {2008},
  note = {[Online; accessed 31-Mai-2015]}
}

